
 @book{dragonbook,
  title     = {Compilers: Principles, techniques \& tools},
  author    = {Aho, Alfred V. and Ullman, Jeffrey D. and Sethi, Ravi and Lam, Monica S.},
  publisher = {Pearson Addison-Wesley},
  address   = {Boston, MA, USA},
  edition   = {2},
  year      = {2007}
}

@online{hopperquote,
  author = {Hopper, Grace},
  date   = {1952},
  url    = {http://www.computinghistory.org.uk/det/5487/Grace%20Hopper%20completes%20the%20A-0%20Compiler}
}